@misc{wiki_ressort,
keywords = {inspe,rapport_galva},
mendeley-tags = {inspe,rapport_galva},
title = {{Les ressorts/Lois de comportement}},
url = {https://fr.wikibooks.org/wiki/Les_ressorts/Lois_de_comportement},
urldate = {2021-05-13}
}
@book{Faroux1998,
author = {Faroux, Jean-Pierre and Renault, Jacques},
edition = {Dunod},
keywords = {agreg,electromagnetisme,rapport_galva},
mendeley-tags = {agreg,electromagnetisme,rapport_galva},
title = {{Electromagn{\'{e}}tisme 2}},
year = {1998}
}
@misc{res_fil,
keywords = {rapport_galva},
mendeley-tags = {rapport_galva},
title = {{R{\'{e}}sistance d'un fil}},
url = {https://webetab.ac-bordeaux.fr/Pedagogie/Physique/Physico/Electro/e07fil.htm},
urldate = {2021-05-19}
}
@misc{Alexandre2014,
author = {Alexandre, St{\'{e}}phanie},
keywords = {rapport_galva},
mendeley-tags = {rapport_galva},
title = {{Le tableau de conversion en francs/euros est actualis{\'{e}}}},
urldate = {2021-05-13},
year = {2014}
}
@book{Cardini2017,
author = {Cardini, St{\'{e}}phane and Ehrhard, Elisabeth and Guerillot, Annie and Guillot, Thierry and Morvan, Bruno and Sanz, Marie-No{\"{e}}lle},
edition = {Dunod},
keywords = {agreg,general,prepa,rapport_galva},
mendeley-tags = {agreg,general,prepa,rapport_galva},
title = {{Tout en un Physique PSI/PSI*}},
year = {2017}
}
@misc{moving_coil,
keywords = {rapport_galva},
mendeley-tags = {rapport_galva},
title = {{Moving Charges and Magnetism}},
url = {https://www.thetestpapers.com/course/physics-neet-electricity-and-magnetism/lessons/moving-charges-and-magnetism/#110_THE_MOVING_COIL_GALVANOMETER},
urldate = {21/05/2021}
}
@techreport{Ardellier2016,
author = {Ardellier, Maxime and Marre, Gr{\'{e}}gory and Nadaud, Alex and Roels, Kelly and Tourdes, Cl{\'{e}}ment},
file = {:Users/remimetzdorff/Documents/GitHub/inspe/histoire_didactique_epistemologie/galvanometre/RAPPORT_GALVANOMETRE_M2-S4_V5 copie.pdf:pdf},
keywords = {inspe,rapport_galva},
mendeley-tags = {inspe,rapport_galva},
title = {{Le galvanom{\`{e}}tre}},
year = {2016}
}
